@inproceedings{Prez2003,
  doi = {10.1145/1201775.882269},
  url = {http://dx.doi.org/10.1145/1201775.882269},
  year  = {2003},
  publisher = {Association for Computing Machinery ({ACM})},
  author = {Patrick P{\'{e}}rez and Michel Gangnet and Andrew Blake},
  title = {Poisson image editing},
  booktitle = {{ACM} {SIGGRAPH} 2003 Papers on - {SIGGRAPH} {2003}}}
}
